<?xml version="1.0" encoding="utf-8"?>
<record xmlns="http://www.loc.gov/MARC21/slim" xmlns:xsi="http://www.w3.org/2001/XMLSchema-instance" xsi:schemaLocation="http://www.loc.gov/MARC21/slim http://www.loc.gov/standards/marcxml/schema/MARC21slim.xsd">
	<leader>     nam a22        4500</leader>
	<controlfield tag="001">b14383822</controlfield>
	<controlfield tag="003">UaCaAUL</controlfield>
	<controlfield tag="006">m        d        </controlfield>
	<controlfield tag="007">cr cn |||m|||a</controlfield>
	<controlfield tag="008">170907s1931    ua      o     000 0 ara d</controlfield>
	<datafield ind1=" " ind2=" " tag="040">
		<subfield code="a">NNU</subfield>
		<subfield code="b">eng</subfield>
		<subfield code="e">rda</subfield>
		<subfield code="c">NNU</subfield>
	</datafield>
	<datafield ind1=" " ind2=" " tag="066">
		<subfield code="c">(3</subfield>
	</datafield>
	<datafield ind1=" " ind2="4" tag="050">
		<subfield code="a">BP135.A3</subfield>
		<subfield code="b">K55 1931</subfield>
	</datafield>
	<datafield ind1="1" ind2=" " tag="100">
		<subfield code="6">880-01</subfield>
		<subfield code="a">Khawlī, Muḥammad ʻAbd al-ʻAzīz,</subfield>
		<subfield code="d">1892 or 1893-1930 or 1931.</subfield>
	</datafield>
	<datafield ind1="1" ind2="3" tag="245">
		<subfield code="6">880-02</subfield>
		<subfield code="a">al-Adab al-nabawī :</subfield>
		<subfield code="b">ʻiẓāt bālighah wa-ḥikam ʻālīyah wa-ādāb sāmiyah, mutakhayyarah min ḥadīth al-Rasūl ṣallá Allāh ʻalayhi wa-sallam, mashrūḥah sharḥan wāsiʻan yattaṣilu bi-al-ḥayāh al-ḥāḍirah /</subfield>
		<subfield code="c">taʼlīf Muḥammad ʻAbd al-ʻAzīz al-Khawlī ustādh al-sharīʻah al-Islāmīyah bi-Dār al-ʻUlūm wa-al-Qaḍāʼ al-Sharʻī.</subfield>
	</datafield>
	<datafield ind1=" " ind2=" " tag="250">
		<subfield code="6">880-03</subfield>
		<subfield code="a">al-Ṭabʻah al-ūlá.</subfield>
	</datafield>
	<datafield ind1=" " ind2="1" tag="264">
		<subfield code="6">880-04</subfield>
		<subfield code="a">Miṣr :</subfield>
		<subfield code="b">yuṭlab min al-Maktabah al-Tijārīyah al-Kubrá bi-awwal shāriʻ Muḥammad ʻAlī bi-Miṣr li-ṣāḥibahā Muṣṭafá Muḥammad,</subfield>
		<subfield code="c">1349 H - 1931 M.</subfield>
	</datafield>
	<datafield ind1=" " ind2="3" tag="264">
		<subfield code="6">880-05</subfield>
		<subfield code="a">Miṣr :</subfield>
		<subfield code="b">al-Maṭbaʻah al-Raḥmānīyah li-ṣāḥibahā ʻAbd al-Raḥmān Mūsá Sharīf,</subfield>
		<subfield code="c">1349 H - 1931 M.</subfield>
	</datafield>
	<datafield ind1=" " ind2=" " tag="300">
		<subfield code="a">online resource (285 pages)</subfield>
	</datafield>
	<datafield ind1=" " ind2=" " tag="336">
		<subfield code="a">text</subfield>
		<subfield code="2">rdacontent</subfield>
	</datafield>
	<datafield ind1=" " ind2=" " tag="337">
		<subfield code="a">computer</subfield>
		<subfield code="2">rdamedia</subfield>
	</datafield>
	<datafield ind1=" " ind2=" " tag="338">
		<subfield code="a">online resource</subfield>
		<subfield code="2">rdacarrier</subfield>
	</datafield>
	<datafield ind1=" " ind2=" " tag="500">
		<subfield code="a">Haq iʻādat al-ṭabʻ lil-muʼallif.</subfield>
	</datafield>
	<datafield ind1=" " ind2=" " tag="500">
		<subfield code="6">880-06</subfield>
		<subfield code="a">&quot;Mulāḥaẓah: lammā waṣala al-mūʼallif ilá ākhir ṣaḥīfat 192 min hādhā al-kitāb ikhtārahu Allāh ilá jiwārihi fa-tawaffá ilá raḥmat rabbihi yawm al-Thulāthāʼ 26 dhī al-Qiʻdah sanat 1349 al-muwāfiq 14 Abrīl sanat 1931, wa-qad akmal al-taʼlīf faḍīlat al-ustādh al-shaykh Muṣṭfá Khafājī ustādh al-shrīʻah bi-Madrasat Dār al-ʻUlūm. Wa-al-ḥam lillāh awwalan wa-ākhiran.&quot;--Page 279.</subfield>
	</datafield>
	<datafield ind1=" " ind2=" " tag="500">
		<subfield code="a">Part of the Arabic Collections Online (ACO) project, contributed by American University in Cairo Library.</subfield>
	</datafield>
	<datafield ind1=" " ind2=" " tag="533">
		<subfield code="a">Electronic reproduction.</subfield>
		<subfield code="b">New York, N.Y. :</subfield>
		<subfield code="c">New York University,</subfield>
		<subfield code="d">2017.</subfield>
		<subfield code="5">NNU</subfield>
	</datafield>
	<datafield ind1=" " ind2="0" tag="650">
		<subfield code="a">Hadith.</subfield>
	</datafield>
	<datafield ind1=" " ind2="7" tag="650">
		<subfield code="a">Hadith.</subfield>
		<subfield code="2">fast</subfield>
		<subfield code="0">(OCoLC)fst00950112</subfield>
	</datafield>
	<datafield ind1="1" ind2=" " tag="700">
		<subfield code="6">880-07</subfield>
		<subfield code="a">Khafājī, Muṣṭafá.</subfield>
	</datafield>
	<datafield ind1="2" ind2=" " tag="710">
		<subfield code="a">American University in Cairo.</subfield>
		<subfield code="b">Library.</subfield>
	</datafield>
	<datafield ind1="0" ind2=" " tag="730">
		<subfield code="a">Arabic Collections Online.</subfield>
	</datafield>
	<datafield ind1="0" ind2="8" tag="776">
		<subfield code="i">Print version:</subfield>
		<subfield code="a">Khawlī, Muḥammad ʻAbd al-ʻAzīz, 1892 or 1893-1930 or 1931.</subfield>
		<subfield code="t">al-Adab al-nabawī</subfield>
		<subfield code="w">(UaCaAUL)b14383822</subfield>
		<subfield code="w">(OCoLC)973879306</subfield>
	</datafield>
	<datafield ind1="4" ind2="0" tag="856">
		<subfield code="u">http://hdl.handle.net/2333.1/3tx963c3</subfield>
	</datafield>
	<datafield ind1="1" ind2=" " tag="880">
		<subfield code="6">100-01/(3/r</subfield>
		<subfield code="a">خولي، محمد عبد العزيز،</subfield>
		<subfield code="d">1892 أو 1893-1930 أو 1931.</subfield>
	</datafield>
	<datafield ind1="1" ind2="2" tag="880">
		<subfield code="6">245-02/(3/r</subfield>
		<subfield code="a">الأدب النبوي :</subfield>
		<subfield code="b">عظات بالغة وحكم عالية وآداب سامية، متخيرة من حديث الرسول صلى الله عليه وسلم، مشروحة شرحا واسعا يتصل بالحياة الحاضرة /</subfield>
		<subfield code="c">تأليف محمد عبد العزيز الخولي أستاذ الشريعة الإسلامية بدار العلوم والقضاء الشرعي.</subfield>
	</datafield>
	<datafield ind1=" " ind2=" " tag="880">
		<subfield code="6">250-03/(3/r</subfield>
		<subfield code="a">الطبعة الأولى.</subfield>
	</datafield>
	<datafield ind1=" " ind2="1" tag="880">
		<subfield code="6">264-04/(3/r</subfield>
		<subfield code="a">مصر :</subfield>
		<subfield code="b">يطلب من المكتبة التجارية الكبرى بأول شارع محمد علي بمصر لصاحبها مصطفى محمد،</subfield>
		<subfield code="c">1349 ه - 1931 م.</subfield>
	</datafield>
	<datafield ind1=" " ind2="3" tag="880">
		<subfield code="6">264-05/(3/r</subfield>
		<subfield code="a">مصر :</subfield>
		<subfield code="b">لمطبعة الرحمانية لصاحبها عبد الرحمن موسى شريف،</subfield>
		<subfield code="c">1349 ه - 1931 م.</subfield>
	</datafield>
	<datafield ind1=" " ind2=" " tag="880">
		<subfield code="6">500-06/(3/r</subfield>
		<subfield code="a">&quot;ملاحظه: لما وصل المؤلف الى آخر صحيفة 192 من هذه الكتاب اختاره الله الى جواره فتوفى الى رحمة ربه يوم الثلاثاء 26 ذي القعدة سنة 1349 الموافق 14 ابريل سنة 1931، وقد أكمل التأليف فضيلة الأستاذ الشيخ مصطفى خفاجي أستاذ الشريعة بمدرسة دار العلوم. والحمد لله اولا وآخرا.&quot;--Page 279.</subfield>
	</datafield>
	<datafield ind1="1" ind2=" " tag="880">
		<subfield code="6">700-07/(3/r</subfield>
		<subfield code="a">خفاجي، مصطفى.</subfield>
	</datafield>
	<datafield ind1=" " ind2=" " tag="959">
		<subfield code="a">NNU</subfield>
		<subfield code="b">WEB</subfield>
		<subfield code="c">GENI</subfield>
		<subfield code="t">0</subfield>
		<subfield code="m">Electronic access</subfield>
		<subfield code="s">01</subfield>
	</datafield>
	<datafield ind1=" " ind2=" " tag="999">
		<subfield code="i">UaCaAUL_b14383822</subfield>
		<subfield code="o">(OCoLC)ocn973879306</subfield>
		<subfield code="s">auc_aco000203</subfield>
	</datafield>
</record>
